<?xml version='1.0' encoding='UTF-8'?>
<record xmlns="http://www.loc.gov/MARC21/slim">
  <leader>01075cam a2200277 a 4500</leader>
  <controlfield tag="001">2747474</controlfield>
  <controlfield tag="003">NjP</controlfield>
  <controlfield tag="005">20171010171323.0</controlfield>
  <controlfield tag="008">860214s1961    sy            000 0 arard</controlfield>
  <datafield tag="024" ind1="7" ind2=" ">
    <subfield code="a">princeton_aco002495</subfield>
    <subfield code="2">local</subfield>
  </datafield>
  <datafield ind1=" " ind2=" " tag="010">
    <subfield code="a">   80968155  </subfield>
  </datafield>
  <datafield ind1=" " ind2=" " tag="019">
    <subfield code="a">29799134</subfield>
  </datafield>
  <datafield ind1=" " ind2=" " tag="035">
    <subfield code="a">(OCoLC)ocm13154256</subfield>
  </datafield>
  <datafield ind1=" " ind2=" " tag="035">
    <subfield code="9">CND8823TS</subfield>
  </datafield>
  <datafield ind1=" " ind2=" " tag="040">
    <subfield code="a">OSU</subfield>
    <subfield code="c">OSU</subfield>
    <subfield code="d">DLC</subfield>
    <subfield code="d">PUL</subfield>
  </datafield>
  <datafield ind1="1" ind2=" " tag="100">
    <subfield code="a">Ibn Durayd, Muḥammad ibn al-Ḥasan,</subfield>
    <subfield code="d">837 or 838-933.</subfield>
    <subfield code="0">http://id.loc.gov/authorities/names/n83039734</subfield>
  </datafield>
  <datafield ind1="1" ind2="0" tag="240">
    <subfield code="a">Maqṣūrah</subfield>
    <subfield code="f">1961</subfield>
  </datafield>
  <datafield ind1="1" ind2="0" tag="245">
    <subfield code="a">Sharḥ Maqṣūrat Ibn Durayd /</subfield>
    <subfield code="c">lil-Khaṭīb al-Tibrīzī.</subfield>
  </datafield>
  <datafield ind1=" " ind2=" " tag="250">
    <subfield code="a">al-Ṭabʻah 1.</subfield>
  </datafield>
  <datafield ind1=" " ind2=" " tag="260">
    <subfield code="a">Dimashq :</subfield>
    <subfield code="b">al-Maktab al-Islāmī,</subfield>
    <subfield code="c">1961.</subfield>
  </datafield>
  <datafield ind1=" " ind2=" " tag="300">
    <subfield code="a">21 p. :</subfield>
    <subfield code="b">facsims. ;</subfield>
    <subfield code="c">25 cm.</subfield>
  </datafield>
  <datafield ind1=" " ind2=" " tag="504">
    <subfield code="a">Includes bibliographical references.</subfield>
  </datafield>
  <datafield ind1=" " ind2=" " tag="500">
    <subfield code="a">Edited by Muḥammad Zuhayr al-Shāwīsh.</subfield>
  </datafield>
  <datafield ind1="0" ind2=" " tag="653">
    <subfield code="a">Ibn Durayd's Maqṣūrah;</subfield>
    <subfield code="a">interpretation</subfield>
  </datafield>
  <datafield ind1="1" ind2=" " tag="700">
    <subfield code="a">Tibrīzī, Yaḥyá ibn ʻAlī,</subfield>
    <subfield code="d">-1109.</subfield>
    <subfield code="0">http://id.loc.gov/authorities/names/n85142433</subfield>
  </datafield>
  <datafield ind1=" " ind2=" " tag="945">
    <subfield code="a">F</subfield>
    <subfield code="b">1</subfield>
    <subfield code="c">2271.43.361.11</subfield>
  </datafield>
  <datafield ind1=" " ind2=" " tag="911">
    <subfield code="a">20000130</subfield>
  </datafield>
  <datafield ind1="0" ind2="0" tag="852">
    <subfield code="0">3058169</subfield>
    <subfield code="b">nec</subfield>
    <subfield code="t">1</subfield>
    <subfield code="h">PJ7745.I17</subfield>
    <subfield code="i">Z673 1961</subfield>
  </datafield>
  <datafield ind1=" " ind2=" " tag="959">
    <subfield code="a">2003-01-22 10:59:19 -0500</subfield>
  </datafield>
</record>
